@article{marino2016fsma,
    author = {Mariño, Julian and Pereira, Leonardo and Toledo, Claudio},
    year = {2016},
    month = {12},
    pages = {},
    title = {Geração Procedural de Conteúdos para Jogos Digitais: Conceitos e Trabalhos Relacionados},
    booktitle = {Revista de Sistemas de Informação da FSMA}
}

@article{togelius2011pcgames,
    author = {Togelius, Julian and Kastbjerg, Emil and Schedl, David and Yannakakis, Georgios N.},
    title = {What is procedural content generation?: Mario on the borderline},
    journaltitle = {Proceedings of the 2nd International Workshop on Procedural Content Generation in Games},
    year = {2011}
}

@article{toneis2016puzzles,
    author = {Tonéis, Cristiano N.},
    title = {O design de Puzzles nos jogos digitais},
    journaltitle = {Proceedings of SBGames 2016: Art \& Design Track – Full Papers},
    year = {2016}
}

@article{togelius2011taxonomy,
    author = {Togelius, Julian and Yannakakis, Georgios N. and Stanley, Kenneth O. and Browne, Cameron},
    title = {Search-based Procedural Content Generation:
A Taxonomy and Survey},
    journaltitle = {IEEE Transactions on Computational Intelligence and AI in Games},
    year = {2011}
}

@article{smelik2009survey,
    author = {Smelik, Ruben and de Kraker, Klaas Jan and Groenewegen, Saskia and Tutenel, Tim and Bidarra, Rafael},
    year = {2009},
    month = {06},
    pages = {},
    title = {A Survey of Procedural Methods for Terrain Modelling}
}

@article{scharkow2015genre,
    author = {Scharkow, Michael and Festl, Ruth and Vogelgesang, Jens and Quandt, Thorsten},
    year = {2015},
    month = {03},
    pages = {293-298},
    title = {Beyond the “core-gamer”: Genre preferences and gratifications in computer games},
    volume = {44},
    booktitle = {Computers in Human Behavior}
}

@book{shaker2016procedural,
    author = {Shaker, Noor and Togelius, Julian and Nelson, Mark J.},
    title = {Procedural Content Generation in Games: A Textbook and an Overview of Current Research},
    publisher = {Springer},
    year = {2016}
}

@book{tanenbaum2013org,
    author = {Tanenbaum, Andrew S.},
    title = {Organização estruturada de computadores},
    publisher = {Pearson Prenctice Hall},
    year = {2013}
}

@book{rabin2011intro1,
    author = {Rabin, Steve},
    title = {Introdução ao desenvolvimento de games: vol. 1: entendendo o universo dos jogos},
    publisher = {Cengage Learning},
    year = {2011}
}

@book{rabin2011intro2,
    author = {Rabin, Steve},
    title = {Introdução ao desenvolvimento de games: vol. 2: programação: técnica, linguagem e arquitetura},
    publisher = {Cengage Learning},
    year = {2012}
}

@book{novak2010gamedev,
    author = {Novak, Jeannie},
    title = {Desenvolvimento de games},
    publisher = {Cengage Learning},
    year = {2010}
}

@book{yu2016spelunky,
    author = {Yu, Derek},
    title = {Spelunky (Boss Fight Books Book 11)},
    publisher = {Boss Fight Books},
    year = {2016}
}

@online{rogue,
    author = {Toy, Michael and Wichman, Glenn and Arnold, Ken},
    title = {Rogue},
    year = {1980},
    url = {http://rogue.rogueforge.net/}
}

@online{elite,
    author = {Braben, David and Bell, Ian},
    title = {Elite},
    year = {1984},
    url = {http://www.iancgbell.clara.net/elite/}
}

@online{spelunky,
    author = {Mossmouth LLC},
    title = {Spelunky},
    year = {2008},
    url = {https://www.spelunkyworld.com/original.html}
}

@online{deadcells,
    author = {Motion Twin},
    title = {Dead Cells},
    year = {2017},
    url = {https://dead-cells.com/}
}

@online{ballpuzzle,
    author = {Click Jogos},
    title = {Puzzle Ball},
    year = {2018},
    url = {http://www.clickjogos.com.br/jogos/puzzle-ball/}
}

@online{generos,
    author = {Mendonça, Vinícius G. de},
    title = {Gêneros de Jogos – Quebra-cabeças},
    year = {2017},
    url = {http://www.pontov.com.br/site/game-design/67-classificacao-dos-jogos/74-generos-de-jogos-quebra-cabecas}
}

@online{mobilerevenues,
    author = {Wijman, Tom},
    title = {Mobile Revenues Account for More Than 50\% of the Global Games Market as It Reaches \$137.9 Billion in 2018},
    year = {2018},
    url = {https://newzoo.com/insights/articles/global-games-market-reaches-137-9-billion-in-2018-mobile-games-take-half/}
}